<record><leader>01767cam a2200397 a 4500</leader><controlfield tag="001">1336147</controlfield><controlfield tag="007">hd afb---baca</controlfield><controlfield tag="008">901115s1985    mdu     a    f    0 eng d</controlfield><datafield ind1=" " ind2=" " tag="010"><subfield code="a">   87890248</subfield></datafield><datafield ind1=" " ind2=" " tag="020"><subfield code="a">0890936838 (microfilm)</subfield></datafield><datafield ind1=" " ind2=" " tag="035"><subfield code="a">ocm70307069</subfield></datafield><datafield ind1=" " ind2=" " tag="040"><subfield code="a">DLC</subfield><subfield code="b">eng</subfield><subfield code="c">DLC</subfield><subfield code="d">DLC</subfield></datafield><datafield ind1=" " ind2=" " tag="049"><subfield code="a">AEU</subfield><subfield code="b">eng</subfield></datafield><datafield ind1="0" ind2="0" tag="050"><subfield code="a">Microfilm 87/915 (D)</subfield></datafield><datafield ind1="0" ind2=" " tag="090"><subfield code="a">GOV DOC US1 S 01 0050</subfield><subfield code="b">AEU</subfield></datafield><datafield ind1="0" ind2="0" tag="245"><subfield code="a">Confidential U.S. State Department central files, South Africa</subfield><subfield code="h">[microform] :</subfield><subfield code="b">internal affairs and foreign affairs 1945-1949.</subfield></datafield><datafield ind1=" " ind2=" " tag="260"><subfield code="a">Frederick, Md. :</subfield><subfield code="b">University Publications of America,</subfield><subfield code="c">c1985.</subfield></datafield><datafield ind1=" " ind2=" " tag="300"><subfield code="a">14 microfilm reels ;</subfield><subfield code="c">35 mm. +</subfield><subfield code="e">guide book (x, 38 p. ; 22 cm.)</subfield></datafield><datafield ind1=" " ind2=" " tag="336"><subfield code="a">text</subfield><subfield code="b">txt</subfield><subfield code="2">rdacontent</subfield></datafield><datafield ind1=" " ind2=" " tag="337"><subfield code="a">microform</subfield><subfield code="b">h</subfield><subfield code="2">rdamedia</subfield></datafield><datafield ind1=" " ind2=" " tag="338"><subfield code="a">microfilm reel</subfield><subfield code="b">hd</subfield><subfield code="2">rdacarrier</subfield></datafield><datafield ind1=" " ind2=" " tag="500"><subfield code="a">Accompanied by printed reel guide, compiled by Robert Lester, edited by Paul Kesaris.</subfield></datafield><datafield ind1=" " ind2=" " tag="500"><subfield code="a">Internal affairs, decimal number 848A and foreign affairs, decimal numbers 748A and 711.48A.</subfield></datafield><datafield ind1=" " ind2=" " tag="500"><subfield code="a">Guide includes indexes.</subfield></datafield><datafield ind1=" " ind2=" " tag="596"><subfield code="a">43</subfield></datafield><datafield ind1=" " ind2="0" tag="651"><subfield code="a">South Africa</subfield><subfield code="x">Economic conditions</subfield><subfield code="y">1918-1961.</subfield></datafield><datafield ind1=" " ind2="0" tag="651"><subfield code="a">South Africa</subfield><subfield code="x">Foreign relations.</subfield></datafield><datafield ind1=" " ind2="0" tag="651"><subfield code="a">South Africa</subfield><subfield code="x">Social conditions.</subfield></datafield><datafield ind1=" " ind2="0" tag="651"><subfield code="a">South Africa</subfield><subfield code="x">Politics and government</subfield><subfield code="y">20th century.</subfield></datafield><datafield ind1="1" ind2=" " tag="700"><subfield code="a">Lester, Robert.</subfield></datafield><datafield ind1="1" ind2=" " tag="700"><subfield code="a">Kesaris, Paul.</subfield></datafield><datafield ind1="1" ind2=" " tag="710"><subfield code="a">United States.</subfield><subfield code="b">Department of State.</subfield></datafield><datafield ind1="2" ind2=" " tag="710"><subfield code="a">University Publications of America, Inc.</subfield></datafield><datafield ind1="0" ind2=" " tag="740"><subfield code="a">South Africa, internal affairs and foreign affairs 1945-1949.</subfield></datafield><datafield ind1=" " ind2=" " tag="926"><subfield code="a">GOV DOC US1 S 01 0050</subfield><subfield code="w">LC</subfield><subfield code="c">1</subfield><subfield code="i">0162004019889</subfield><subfield code="l">MICROFILM</subfield><subfield code="m">UAHSS</subfield><subfield code="p">$150.00</subfield><subfield code="r">Y</subfield><subfield code="s">Y</subfield><subfield code="t">MICROFORM</subfield><subfield code="u">11/29/1995</subfield></datafield><datafield ind1=" " ind2=" " tag="926"><subfield code="a">GOV DOC US1 S 01 0050 guide</subfield><subfield code="w">LC</subfield><subfield code="c">1</subfield><subfield code="i">000034941880</subfield><subfield code="l">MICRO_REF</subfield><subfield code="m">UAHSS</subfield><subfield code="p">$150.00</subfield><subfield code="r">Y</subfield><subfield code="s">Y</subfield><subfield code="t">NO_LOAN</subfield><subfield code="u">9/5/2007</subfield></datafield></record>